@ONLINE {idcsurvey,
    title  = "IDC survey shows battery life is most important when buying smartphone",
    url    = "http://blog.gsmarena.com/idc-surveys-50000-people-reasons-behind-buying-smartphone-battery-life-deemed-important/"
}
@ONLINE {wakelock,
    title  = "Keeping the Device Awake",
    url    = "https://developer.android.com/training/scheduling/wakelock.html"
}
@ONLINE {stackoverflow,
    title  = "Is there any type of partial wake lock mechanism in ios?",
    url    = "stackoverflow.com/questions/20580157/is-there-any-type-of-partial-wake- lock-mechanism-in-ios"
}
@ONLINE {batteryhistorian,
    title  = "Analyzing Power Use with Battery Historian",
    url    = "https://developer.android.com/topic/performance/power/battery- historian.html"
}
@ONLINE {adb,
    title  = "Android Debug Bridge (adb)",
    url    = "https://developer.android.com/studio/command-line/adb"
}
@ONLINE {uiautomator,
    title  = "UI Automator | Android Developers",
    url    = "https://developer.android.com/training/testing/ui-automator"
}
@ONLINE {uiautomatordoc,
    author = "Xiacong",
    title  = "UIAutomator",
    url    = "https://github.com/xiaocong/uiautomator"
}
@ONLINE {robot,
    title  = "Robot Framework",
    url    = "http://robotframework.org"
}
@ONLINE {postfix,
    title  = "Configure Postfix to use Gmail as a Mail Relay",
    url    = "https://www.howtoforge.com/tutorial/configure-postfix-to-use-gmail-as-a-"
}
@ONLINE {compatibility,
    title  = "Postfix Backwards Compatability Safety Net",
    url    = "http://www.postfix.org/COMPATIBILITY"
}
@ONLINE {msmtp,
    author = "Jesin A",
    title  = "How to use MSMTP with Gmail, Yahoo and PHP Mail",
    url    = "https://websistent.com/how-to-use-msmtp-with-gmail-yahoo-and-php-mail/"
}
@ONLINE {pyramid,
    author = "Margaret Rouse",
    title = "Agile Test Automation Pyramid",
    url   = "https://searchitoperations.techtarget.com/definition/agile-test-automation-pyramid"
}